
%%%%%%%%%%%%%%%%%%%%%%%%%%%%%%%%%%%%%%%%%%%%%%%%%%%%%%%%%%%%%%%%%%%%%%%%%%%%
%%%%%%%%%%%%%%%%%%%%% For Master's Thesis %%%%%%%%%%%%%%%%%%%%%%%%%%%%%%%%%%


@article{de2000classification,
	title={Classification and regression trees: a powerful yet simple technique for ecological data analysis},
	author={De'ath, Glenn and Fabricius, Katharina E},
	journal={Ecology},
	volume={81},
	number={11},
	pages={3178--3192},
	year={2000},
	publisher={Wiley Online Library}
}

@book{breiman1984classification,
	title={Classification and regression trees},
	author={Breiman, Leo and Friedman, Jerome and Stone, Charles J and Olshen, Richard A},
	year={1984},
	publisher={CRC press}
}

@article{loh2011classification,
	title={Classification and regression trees},
	author={Loh, Wei-Yin},
	journal={Wiley interdisciplinary reviews: data mining and knowledge discovery},
	volume={1},
	number={1},
	pages={14--23},
	year={2011},
	publisher={Wiley Online Library}
}

@article{njoku2019decision,
	title={Decision Trees and Their Application for Classification and Regression Problems},
	author={Njoku, Obinna Chilezie},
	year={2019}
}

@article{de2013decision,
	title={Decision trees},
	author={de Ville, Barry},
	journal={Wiley Interdisciplinary Reviews: Computational Statistics},
	volume={5},
	number={6},
	pages={448--455},
	year={2013},
	publisher={Wiley Online Library}
}

@book{maimon2014data,
	title={Data mining with decision trees: theory and applications},
	author={Maimon, Oded Z and Rokach, Lior},
	volume={81},
	year={2014},
	publisher={World scientific}
}

@article{hu2019optimal,
	title={Optimal sparse decision trees},
	author={Hu, Xiyang and Rudin, Cynthia and Seltzer, Margo},
	journal={Advances in Neural Information Processing Systems (NeurIPS)},
	year={2019}
}

@article{quinlan1993program,
	title={Program for machine learning},
	author={Quinlan, JR},
	journal={C4. 5},
	year={1993},
	publisher={Morgan Kaufmann Pub}
}
@article{su2009subgroup,
	title={Subgroup analysis via recursive partitioning.},
	author={Su, Xiaogang and Tsai, Chih-Ling and Wang, Hansheng and Nickerson, David M and Li, Bogong},
	journal={Journal of Machine Learning Research},
	volume={10},
	number={2},
	year={2009}
}

@incollection{rokach2005decision,
	title={Decision trees},
	author={Rokach, Lior and Maimon, Oded},
	booktitle={Data mining and knowledge discovery handbook},
	pages={165--192},
	year={2005},
	publisher={Springer}
}

@phdthesis{murthy1995growing,
	title={On growing better decision trees from data},
	author={Murthy, Kolluru Venkata Sreerama and Salzberg, Steven L},
	year={1995},
	school={Citeseer}
}

@article{friedman1991multivariate,
	title={Multivariate adaptive regression splines},
	author={Friedman, Jerome H},
	journal={The annals of statistics},
	pages={1--67},
	year={1991},
	publisher={JSTOR}
}

@article{tibshirani1993introduction,
	title={An introduction to the bootstrap},
	author={Tibshirani, Robert J and Efron, Bradley},
	journal={Monographs on statistics and applied probability},
	volume={57},
	pages={1--436},
	year={1993},
	publisher={Chapman and Hall New York}
}

@article{loh1987calibrating,
	title={Calibrating confidence coefficients},
	author={Loh, Wei-Yin},
	journal={Journal of the American Statistical Association},
	volume={82},
	number={397},
	pages={155--162},
	year={1987},
	publisher={Taylor \& Francis}
}

@article{loh1991bootstrap,
	title={Bootstrap calibration for confidence interval construction and selection},
	author={Loh, Wei-Yin},
	journal={Statistica Sinica},
	pages={477--491},
	year={1991},
	publisher={JSTOR}
}

@article{efron19791977,
	title={The 1977 RIETZ lecture},
	author={Efron, B},
	journal={The Annals of Statistics},
	volume={7},
	number={1},
	pages={1--26},
	year={1979}
}

@article{loh2018subgroups,
	title={Subgroups from regression trees with adjustment for prognostic effects and postselection inference.},
	author={Loh, WY and Man, M and Wang, S},
	journal={Statistics in Medicine},
	volume={38},
	number={4},
	pages={545--557},
	year={2018}
}

@article{friedman1991multivariate,
	title={Multivariate adaptive regression splines},
	author={Friedman, Jerome H},
	journal={The annals of statistics},
	pages={1--67},
	year={1991},
	publisher={JSTOR}
}

@article{jordan1994hierarchical,
	title={Hierarchical mixtures of experts and the EM algorithm},
	author={Jordan, Michael I and Jacobs, Robert A},
	journal={Neural computation},
	volume={6},
	number={2},
	pages={181--214},
	year={1994},
	publisher={MIT Press}
}


@article{breiman2001random,
	title={Random forests},
	author={Breiman, Leo},
	journal={Machine learning},
	volume={45},
	number={1},
	pages={5--32},
	year={2001},
	publisher={Springer}
}

@inproceedings{robnik2004improving,
	title={Improving random forests},
	author={Robnik-{\v{S}}ikonja, Marko},
	booktitle={European conference on machine learning},
	pages={359--370},
	year={2004},
	organization={Springer}
}

@inproceedings{freund1996experiments,
	title={Experiments with a new boosting algorithm},
	author={Freund, Yoav and Schapire, Robert E and others},
	booktitle={icml},
	volume={96},
	pages={148--156},
	year={1996},
	organization={Citeseer}
}

@article{breiman1996bagging,
	title={Bagging predictors},
	author={Breiman, Leo},
	journal={Machine learning},
	volume={24},
	number={2},
	pages={123--140},
	year={1996},
	publisher={Springer}
}

@inproceedings{quinlan1996bagging,
	title={Bagging, boosting, and C4. 5},
	author={Quinlan, J Ross and others},
	booktitle={Aaai/iaai, Vol. 1},
	pages={725--730},
	year={1996}
}

@article{su2008interaction,
	title={Interaction trees with censored survival data},
	author={Su, Xiaogang and Zhou, Tianni and Yan, Xin and Fan, Juanjuan and Yang, Song},
	journal={The international journal of biostatistics},
	volume={4},
	number={1},
	year={2008},
	publisher={De Gruyter}
}

@phdthesis{lakshminarayanan2016decision,
	title={Decision trees and forests: a probabilistic perspective},
	author={Lakshminarayanan, Balaji},
	year={2016},
	school={UCL (University College London)}
}

@article{jiao2017bias,
	title={Bias Correction with Jackknife, Bootstrap, and Taylor Series},
	author={Jiao, Jiantao and Han, Yanjun},
	journal={arXiv e-prints},
	pages={arXiv--1709},
	year={2017}
}

@article{xia2019interaction,
	title={Interaction trees: representing recursive and impure programs in Coq},
	author={Xia, Li-yao and Zakowski, Yannick and He, Paul and Hur, Chung-Kil and Malecha, Gregory and Pierce, Benjamin C and Zdancewic, Steve},
	journal={Proceedings of the ACM on Programming Languages},
	volume={4},
	number={POPL},
	pages={1--32},
	year={2019},
	publisher={ACM New York, NY, USA}
}


@article{james2017data,
	title={Data for an Introduction to Statistical Learning with Applications in R},
	author={James, G and Witten, D and Hastie, T and Tibshirani, R},
	journal={Package ‘ISLR.’CRAN},
	year={2017}
}
